%YAML 1.1
%TAG !u! tag:unity3d.com,2011:
--- !u!1 &6719252739871799182
GameObject:
  m_ObjectHideFlags: 0
  m_CorrespondingSourceObject: {fileID: 0}
  m_PrefabInstance: {fileID: 0}
  m_PrefabAsset: {fileID: 0}
  serializedVersion: 6
  m_Component:
  - component: {fileID: 6719252739871799183}
  - component: {fileID: 6719252739871799178}
  - component: {fileID: 6719252739871799177}
  - component: {fileID: 6719252739871799179}
  - component: {fileID: 6719252739871799176}
  - component: {fileID: 6719252739871799220}
  m_Layer: 0
  m_Name: Enemy
  m_TagString: Enemy
  m_Icon: {fileID: 0}
  m_NavMeshLayer: 0
  m_StaticEditorFlags: 0
  m_IsActive: 1
--- !u!4 &6719252739871799183
Transform:
  m_ObjectHideFlags: 0
  m_CorrespondingSourceObject: {fileID: 0}
  m_PrefabInstance: {fileID: 0}
  m_PrefabAsset: {fileID: 0}
  m_GameObject: {fileID: 6719252739871799182}
  m_LocalRotation: {x: -0, y: -0, z: -0, w: 1}
  m_LocalPosition: {x: 6, y: 1.5, z: 20}
  m_LocalScale: {x: 1, y: 1, z: 1}
  m_Children:
  - {fileID: 2079794537931282624}
  - {fileID: 923477796745322436}
  m_Father: {fileID: 0}
  m_RootOrder: 0
  m_LocalEulerAnglesHint: {x: 0, y: 0, z: 0}
--- !u!33 &6719252739871799178
MeshFilter:
  m_ObjectHideFlags: 0
  m_CorrespondingSourceObject: {fileID: 0}
  m_PrefabInstance: {fileID: 0}
  m_PrefabAsset: {fileID: 0}
  m_GameObject: {fileID: 6719252739871799182}
  m_Mesh: {fileID: 10208, guid: 0000000000000000e000000000000000, type: 0}
--- !u!23 &6719252739871799177
MeshRenderer:
  m_ObjectHideFlags: 0
  m_CorrespondingSourceObject: {fileID: 0}
  m_PrefabInstance: {fileID: 0}
  m_PrefabAsset: {fileID: 0}
  m_GameObject: {fileID: 6719252739871799182}
  m_Enabled: 0
  m_CastShadows: 1
  m_ReceiveShadows: 1
  m_DynamicOccludee: 1
  m_MotionVectors: 1
  m_LightProbeUsage: 1
  m_ReflectionProbeUsage: 1
  m_RayTracingMode: 2
  m_RayTraceProcedural: 0
  m_RenderingLayerMask: 1
  m_RendererPriority: 0
  m_Materials:
  - {fileID: 2100000, guid: 82b375f427ff5fe41869d10c4c9aea9e, type: 2}
  m_StaticBatchInfo:
    firstSubMesh: 0
    subMeshCount: 0
  m_StaticBatchRoot: {fileID: 0}
  m_ProbeAnchor: {fileID: 0}
  m_LightProbeVolumeOverride: {fileID: 0}
  m_ScaleInLightmap: 1
  m_ReceiveGI: 1
  m_PreserveUVs: 0
  m_IgnoreNormalsForChartDetection: 0
  m_ImportantGI: 0
  m_StitchLightmapSeams: 1
  m_SelectedEditorRenderState: 3
  m_MinimumChartSize: 4
  m_AutoUVMaxDistance: 0.5
  m_AutoUVMaxAngle: 89
  m_LightmapParameters: {fileID: 0}
  m_SortingLayerID: 0
  m_SortingLayer: 0
  m_SortingOrder: 0
  m_AdditionalVertexStreams: {fileID: 0}
--- !u!114 &6719252739871799179
MonoBehaviour:
  m_ObjectHideFlags: 0
  m_CorrespondingSourceObject: {fileID: 0}
  m_PrefabInstance: {fileID: 0}
  m_PrefabAsset: {fileID: 0}
  m_GameObject: {fileID: 6719252739871799182}
  m_Enabled: 1
  m_EditorHideFlags: 0
  m_Script: {fileID: 11500000, guid: 838e6921fefd75947a3c67aace2a6b0f, type: 3}
  m_Name: 
  m_EditorClassIdentifier: 
  speed: 5
  energyReward: 5
--- !u!65 &6719252739871799176
BoxCollider:
  m_ObjectHideFlags: 0
  m_CorrespondingSourceObject: {fileID: 0}
  m_PrefabInstance: {fileID: 0}
  m_PrefabAsset: {fileID: 0}
  m_GameObject: {fileID: 6719252739871799182}
  m_Material: {fileID: 0}
  m_IsTrigger: 0
  m_Enabled: 0
  serializedVersion: 2
  m_Size: {x: 1, y: 2, z: 1}
  m_Center: {x: 0, y: 0, z: 0}
--- !u!54 &6719252739871799220
Rigidbody:
  m_ObjectHideFlags: 0
  m_CorrespondingSourceObject: {fileID: 0}
  m_PrefabInstance: {fileID: 0}
  m_PrefabAsset: {fileID: 0}
  m_GameObject: {fileID: 6719252739871799182}
  serializedVersion: 2
  m_Mass: 1
  m_Drag: 0
  m_AngularDrag: 0.05
  m_UseGravity: 0
  m_IsKinematic: 0
  m_Interpolate: 0
  m_Constraints: 0
  m_CollisionDetection: 0
--- !u!1001 &927282177743563004
PrefabInstance:
  m_ObjectHideFlags: 0
  serializedVersion: 2
  m_Modification:
    m_TransformParent: {fileID: 6719252739871799183}
    m_Modifications:
    - target: {fileID: 1625221395402176, guid: c9951ca0f61167b4593ffe21b0a089c8, type: 3}
      propertyPath: m_Name
      value: Monster_Bat_Prefab
      objectReference: {fileID: 0}
    - target: {fileID: 4085869397129016, guid: c9951ca0f61167b4593ffe21b0a089c8, type: 3}
      propertyPath: m_RootOrder
      value: 1
      objectReference: {fileID: 0}
    - target: {fileID: 4085869397129016, guid: c9951ca0f61167b4593ffe21b0a089c8, type: 3}
      propertyPath: m_LocalScale.x
      value: 2
      objectReference: {fileID: 0}
    - target: {fileID: 4085869397129016, guid: c9951ca0f61167b4593ffe21b0a089c8, type: 3}
      propertyPath: m_LocalScale.y
      value: 2
      objectReference: {fileID: 0}
    - target: {fileID: 4085869397129016, guid: c9951ca0f61167b4593ffe21b0a089c8, type: 3}
      propertyPath: m_LocalScale.z
      value: 2
      objectReference: {fileID: 0}
    - target: {fileID: 4085869397129016, guid: c9951ca0f61167b4593ffe21b0a089c8, type: 3}
      propertyPath: m_LocalPosition.x
      value: 0
      objectReference: {fileID: 0}
    - target: {fileID: 4085869397129016, guid: c9951ca0f61167b4593ffe21b0a089c8, type: 3}
      propertyPath: m_LocalPosition.y
      value: 0
      objectReference: {fileID: 0}
    - target: {fileID: 4085869397129016, guid: c9951ca0f61167b4593ffe21b0a089c8, type: 3}
      propertyPath: m_LocalPosition.z
      value: 0
      objectReference: {fileID: 0}
    - target: {fileID: 4085869397129016, guid: c9951ca0f61167b4593ffe21b0a089c8, type: 3}
      propertyPath: m_LocalRotation.w
      value: 0.9961947
      objectReference: {fileID: 0}
    - target: {fileID: 4085869397129016, guid: c9951ca0f61167b4593ffe21b0a089c8, type: 3}
      propertyPath: m_LocalRotation.x
      value: -0.08715578
      objectReference: {fileID: 0}
    - target: {fileID: 4085869397129016, guid: c9951ca0f61167b4593ffe21b0a089c8, type: 3}
      propertyPath: m_LocalRotation.y
      value: 0
      objectReference: {fileID: 0}
    - target: {fileID: 4085869397129016, guid: c9951ca0f61167b4593ffe21b0a089c8, type: 3}
      propertyPath: m_LocalRotation.z
      value: 0
      objectReference: {fileID: 0}
    - target: {fileID: 4085869397129016, guid: c9951ca0f61167b4593ffe21b0a089c8, type: 3}
      propertyPath: m_LocalEulerAnglesHint.x
      value: -10
      objectReference: {fileID: 0}
    - target: {fileID: 4085869397129016, guid: c9951ca0f61167b4593ffe21b0a089c8, type: 3}
      propertyPath: m_LocalEulerAnglesHint.y
      value: 0
      objectReference: {fileID: 0}
    - target: {fileID: 4085869397129016, guid: c9951ca0f61167b4593ffe21b0a089c8, type: 3}
      propertyPath: m_LocalEulerAnglesHint.z
      value: 0
      objectReference: {fileID: 0}
    m_RemovedComponents: []
  m_SourcePrefab: {fileID: 100100000, guid: c9951ca0f61167b4593ffe21b0a089c8, type: 3}
--- !u!1 &926501390572905788 stripped
GameObject:
  m_CorrespondingSourceObject: {fileID: 1625221395402176, guid: c9951ca0f61167b4593ffe21b0a089c8, type: 3}
  m_PrefabInstance: {fileID: 927282177743563004}
  m_PrefabAsset: {fileID: 0}
--- !u!4 &923477796745322436 stripped
Transform:
  m_CorrespondingSourceObject: {fileID: 4085869397129016, guid: c9951ca0f61167b4593ffe21b0a089c8, type: 3}
  m_PrefabInstance: {fileID: 927282177743563004}
  m_PrefabAsset: {fileID: 0}
--- !u!136 &8314605888182416313
CapsuleCollider:
  m_ObjectHideFlags: 0
  m_CorrespondingSourceObject: {fileID: 0}
  m_PrefabInstance: {fileID: 0}
  m_PrefabAsset: {fileID: 0}
  m_GameObject: {fileID: 926501390572905788}
  m_Material: {fileID: 0}
  m_IsTrigger: 1
  m_Enabled: 1
  m_Radius: 0.4
  m_Height: 2
  m_Direction: 1
  m_Center: {x: 0, y: 0.5, z: 0}
--- !u!1001 &2079794537931697418
PrefabInstance:
  m_ObjectHideFlags: 0
  serializedVersion: 2
  m_Modification:
    m_TransformParent: {fileID: 6719252739871799183}
    m_Modifications:
    - target: {fileID: 139514, guid: 03e4c5418c1e9164bb1955135d815833, type: 3}
      propertyPath: m_Name
      value: Animal_Horse_Black
      objectReference: {fileID: 0}
    - target: {fileID: 139514, guid: 03e4c5418c1e9164bb1955135d815833, type: 3}
      propertyPath: m_IsActive
      value: 0
      objectReference: {fileID: 0}
    - target: {fileID: 423370, guid: 03e4c5418c1e9164bb1955135d815833, type: 3}
      propertyPath: m_RootOrder
      value: 0
      objectReference: {fileID: 0}
    - target: {fileID: 423370, guid: 03e4c5418c1e9164bb1955135d815833, type: 3}
      propertyPath: m_LocalPosition.x
      value: 0
      objectReference: {fileID: 0}
    - target: {fileID: 423370, guid: 03e4c5418c1e9164bb1955135d815833, type: 3}
      propertyPath: m_LocalPosition.y
      value: 0
      objectReference: {fileID: 0}
    - target: {fileID: 423370, guid: 03e4c5418c1e9164bb1955135d815833, type: 3}
      propertyPath: m_LocalPosition.z
      value: 0
      objectReference: {fileID: 0}
    - target: {fileID: 423370, guid: 03e4c5418c1e9164bb1955135d815833, type: 3}
      propertyPath: m_LocalRotation.w
      value: 1
      objectReference: {fileID: 0}
    - target: {fileID: 423370, guid: 03e4c5418c1e9164bb1955135d815833, type: 3}
      propertyPath: m_LocalRotation.x
      value: 0
      objectReference: {fileID: 0}
    - target: {fileID: 423370, guid: 03e4c5418c1e9164bb1955135d815833, type: 3}
      propertyPath: m_LocalRotation.y
      value: 0
      objectReference: {fileID: 0}
    - target: {fileID: 423370, guid: 03e4c5418c1e9164bb1955135d815833, type: 3}
      propertyPath: m_LocalRotation.z
      value: 0
      objectReference: {fileID: 0}
    - target: {fileID: 423370, guid: 03e4c5418c1e9164bb1955135d815833, type: 3}
      propertyPath: m_LocalEulerAnglesHint.x
      value: 0
      objectReference: {fileID: 0}
    - target: {fileID: 423370, guid: 03e4c5418c1e9164bb1955135d815833, type: 3}
      propertyPath: m_LocalEulerAnglesHint.y
      value: 0
      objectReference: {fileID: 0}
    - target: {fileID: 423370, guid: 03e4c5418c1e9164bb1955135d815833, type: 3}
      propertyPath: m_LocalEulerAnglesHint.z
      value: 0
      objectReference: {fileID: 0}
    m_RemovedComponents: []
  m_SourcePrefab: {fileID: 100100000, guid: 03e4c5418c1e9164bb1955135d815833, type: 3}
--- !u!1 &2079794537931558384 stripped
GameObject:
  m_CorrespondingSourceObject: {fileID: 139514, guid: 03e4c5418c1e9164bb1955135d815833, type: 3}
  m_PrefabInstance: {fileID: 2079794537931697418}
  m_PrefabAsset: {fileID: 0}
--- !u!4 &2079794537931282624 stripped
Transform:
  m_CorrespondingSourceObject: {fileID: 423370, guid: 03e4c5418c1e9164bb1955135d815833, type: 3}
  m_PrefabInstance: {fileID: 2079794537931697418}
  m_PrefabAsset: {fileID: 0}
--- !u!65 &4103688189551205735
BoxCollider:
  m_ObjectHideFlags: 0
  m_CorrespondingSourceObject: {fileID: 0}
  m_PrefabInstance: {fileID: 0}
  m_PrefabAsset: {fileID: 0}
  m_GameObject: {fileID: 2079794537931558384}
  m_Material: {fileID: 0}
  m_IsTrigger: 0
  m_Enabled: 1
  serializedVersion: 2
  m_Size: {x: 11.478705, y: 36.711388, z: 35.310535}
  m_Center: {x: -0.083162785, y: 18.022015, z: 2.8996181}
